<?xml version="1.0" encoding="UTF-8"?><record xmlns="http://www.loc.gov/MARC21/slim" xmlns:cinclude="http://apache.org/cocoon/include/1.0" xmlns:zs="http://www.loc.gov/zing/srw/">
  <leader>00678cz  a2200145n  4500</leader>
  <controlfield tag="001">n  86855832 </controlfield>
  <controlfield tag="003">DLC</controlfield>
  <controlfield tag="005">19951017121701.6</controlfield>
  <controlfield tag="008">861002n| acannaab|          |n aaa ||| c</controlfield>
  <datafield tag="010" ind1=" " ind2=" ">
    <subfield code="a">n  86855832 </subfield>
  </datafield>
  <datafield tag="040" ind1=" " ind2=" ">
    <subfield code="a">ICU</subfield>
    <subfield code="c">ICU</subfield>
    <subfield code="d">DLC</subfield>
  </datafield>
  <datafield tag="100" ind1="1" ind2="0">
    <subfield code="a">Preinreich, Gabriel A. D.,</subfield>
    <subfield code="d">1893-</subfield>
  </datafield>
  <datafield tag="670" ind1=" " ind2=" ">
    <subfield code="a">LCCN 40-33262: His The present status of renewal theory, 1940</subfield>
    <subfield code="b">(hdg.: Preinreich, Gabriel A.D., 1893- ; usage: Gabriel A.D. Preinreich)</subfield>
  </datafield>
  <datafield tag="670" ind1=" " ind2=" ">
    <subfield code="a">LC data base, 9-22-86</subfield>
    <subfield code="b">(hdg.: Preinreich, Gabriel A.D., 1893- ; usage: Gabriel A.D. Preinreich)</subfield>
  </datafield>
  <datafield tag="670" ind1=" " ind2=" ">
    <subfield code="a">A landmark in accounting theory, 1995:</subfield>
    <subfield code="b">CIP t.p. (Gabriel A.D. Preinreich) introd. (b. in Sopron, Hungary, 07-30-1893; d. 04-17-1951 in US)</subfield>
  </datafield>
</record>